@article{Huber:2012,
    author      = {{Huber}, M.},
	title       = "{Identification of Average Treatment Effects in Social Experiments Under Alternative Forms of Attrition}",
	journal     = "{Journal of Educational and Behavioral Statistics}",
	year        =  2012,
	volume      =  37,
	number      =  3,
	pages       = "{443-474}",
	doi         = {10.3102/1076998611411917}
}

@article{Huber:2014a,
    author      = {{Huber}, M.},
	title       = "{Treatment Evaluation in the Presence of Sample Selection}",
	journal     = "{Econometric Reviews}",
	volume      = 33,
	number      = 8,
	pages       = "{869-905}",
	year        = 2014,
	doi         = {10.1080/07474938.2013.806197}
}

@article{Huber:2014b,
    author      = {{Huber}, M.},
	title       = "{Identifying Causal Mechanisms (Primarily) Based on Inverse Probability Weighting}",
	journal     = "{Journal of Applied Econometrics}",
	year 	    =  2014,
	volume      =  29,
	number      =  6,
	pages 	    = "{920-943}",
	doi         = {10.1002/jae.2341}
}

@article{Froelich:2007,
    author      = {{Froelich}, M.},
    title       = "{Nonparametric IV Estimation of Local Average Treatment Effects with Covariates}",
    journal     = "{Economics Letters}",
    year        = 2007,
    volume      = 139,
    pages       = "{35-75}",	
    doi         = {10.1016/j.jeconom.2006.06.004}  
}

@article{FroelichHuber:2017,
	author 	    = {{Froelich}, M. and {Huber}, M.},
	title 	    = "{Direct and Indirect Treatment Effects - Causal Chains and Mediation Analysis with Instrumental Variables}",
	journal     = "{Journal of the Royal Statistical Society: Series B}",
	year 	    = 2017,
	volume      = 79,
	number      = 5,
	pages 	    = "{1645-1666}",
    doi         = {10.1111/rssb.12232}  
}

@article{HsuHuberLeePipoz:2018,
	author 	    = {{Hsu}, Y.-C. and {Huber}, M. and {Lee}, Y.-Y. and {Pipoz}, L.},
	title 	    = "{Direct and Indirect Effects of Continuous Treatments Based on Generalized Propensity Score Weighting}",
	journal     = "{SES working paper 495, University of Fribourg}",
	year 	    = 2018
}