@article{He76,
  author      = "J J Heckman",
  title       = "The Common Structure of Statistical Models of Truncation, Sample Selection and Limited Dependent Variables and a Simple Estimator for such Models",
  journal     = "Annals of Economic and Social Measurement",
  year        = "1976",
  volume      = "5",
  pages       = "475-492"}

@article{Heck74,
	author      = "J J Heckman",
	title	      = "Shadow Prices, Market Wages and Labor Supply",
	year        =  1974,
	journal     = "Econometrica",
	volume      =  42,
	pages       = "679-694"}

@article{Rubin74,
	author      = "D B Rubin",
	title	      = "Estimating Causal Effects of Treatments in Randomized and Nonrandomized Studies",
	year        =  1974,
	journal     = "Journal of Educational Psychology",
	volume      =  66,
	pages       = "688-701"}

@article{AnBeKr04,
  author      = "Joshua Angrist and Eric Bettinger and Michael Kremer",
  title       = "Long-Term Educational Consequences of Secondary School Vouchers: Evidence from Administrative Records in Colombia",
  journal     = "American Economic Review",
  volume      =  96,
  pages       = "847-862",
  year        =  2006}

@article{AnLaOr09,
  author      = "Joshua Angrist and Daniel Lang and Philip Oreopoulos",
  title       = "Incentives and Services for College Achievement: Evidence from a Randomized Trial",
  journal     = "American Economic Journal: Applied Economics",
  year        =  2009,
  volume      =  1,
  number      =  1,
  pages       = "136-163"}

@article{Gr74,
  author      = "Reuben Gronau",
  title       = "Wage Comparisons - A Selectivity Bias",
  journal     = "Journal of Political Economy",
  year        = "1974",
  volume      = "82",
  pages       = "1119-1143"}

@article{Hu14,
  author      = "Martin Huber",
	title       = "Treatment Evaluation in the Presence of Sample Selection",
	journal     = "Econometric Reviews",
	volume      = "33",
	number      = "8",
	pages       = "869-905",
	year        = "2014"}

@article{ImWo08,
  author      = "G W Imbens and J M Wooldridge",
  title       = "Recent Developments in the Econometrics of Program Evaluation",
  journal     = "Journal of Economic Literature",
  year        = "2009",
  volume      = "47",
  pages       = "5-86"}

@article{HoTh52,
  author      = "D G Horvitz and D J Thompson",
  title       = "A Generalization of Sampling without Replacement from a Finite Universe",
  journal     = "Journal of the American Statistical Association",
  year        =  1952,
  volume      =  47,
  pages       = "663-685"}

@article{Hu12,
  author      = "Martin Huber",
	title       = "Identification of Average Treatment Effects in Social Experiments Under Alternative Forms of Attrition",
	journal     = "Journal of Educational and Behavioral Statistics",
	year        =  2012,
	volume      =  37,
	number      =  3,
	pages       = "443-474"}

@article{Im04,
  author      = "G W Imbens",
  title       = "Nonparametric Estimation of Average Treatment Effects under Exogeneity: A Review",
  journal     = "The Review of Economics and Statistics",
  year        =  2004,
  volume      =  86,
  pages       = "4-29"}

@article{BuDNMC09,
  author      = "M Busso and J DiNardo and J McCrary",
  title       = "New Evidence on the Finite Sample Properties of Propensity Score Reweighting and Matching Estimators",
  journal     = "The Review of Economics and Statistics",
  year        =  2014,
  volume      =  96,
	number      =  5,
  pages       = "885-897"}

@article{Hirano+00,
	author 	    = "K Hirano and G W Imbens and G Ridder",
	title 	    = "Efficient Estimation of Average Treatment Effects Using the Estimated Propensity Score",
	journal     = "Econometrica",
	year 	      = "2003",
	volume      = "71",
	pages 	    = "1161-1189"}

@article{CrHoImMi09,
	author 	    = "R K Crump and V J Hotz and G W Imbens and O A Mitnik",
	title 	    = "Dealing with Limited Overlap in Estimation of Average Treatment Effects",
	journal     = "Biometrika",
	year 	      = "2009",
	volume      = "96",
	pages 	    = "187-199"}

@article{Hu2014,
	author 	    = "M Huber",
	title 	    = "Identifying Causal Mechanisms (Primarily) Based on Inverse Probability Weighting",
	journal     = "Journal of Applied Econometrics",
	year 	      =  2014,
	volume      =  29,
	number      =  6,
	pages 	    = "920-943"}

@article{RoGr92,
	author 	    = "J M Robins and S Greenland",
	title 	    = "Identifiability and Exchangeability for Direct and Indirect Effects",
	journal     = "Epidemiology",
	year 	      =  1992,
	volume      =  3,
	pages 	    = "143-155"}

@article{Rosenbaum84,
	author 	    = "P Rosenbaum",
	title 	    = "The Consequences of Adjustment for a Concomitant Variable That Has Been Affected by the Treatment",
	journal     = "Journal of the Royal Statistical Society: Series A",
	year 	      =  1984,
	volume      =  147,
	pages 	    = "656-666"}

@article{Ru04,
	author 	    = "D B Rubin",
	title 	    = "Direct and Indirect Causal Effects via Potential Outcomes",
	journal     = "Scandinavian Journal of Statistics",
	year 	      =  2004,
	volume      =  31,
	pages 	    = "161-170"}

@article{TenHaveetal2007,
	author 	    = "Ten Have, T R and M Marshall and K G Joffe and G K Lynch and S Brown and A Maisto and A T Beck",
	title 	    = "Causal Mediation Analyses with Rank Preserving Models",
	journal     = "Biometrics",
	year 	      =  2007,
	volume      =  63,
	number      =  3,
	pages 	    = "926-934"}

@article{Albert2008,
  author      = "J M Albert",
  title       = "Mediation Analysis via Potential Outcomes Models",
  journal     = "Statistics in Medicine",
  year        = "2008",
  volume      = "27",
  pages       = "1282-1304"}

@article{Ne84,
  author      = "W K Newey",
  title       = "A Method of Moments Interpretation of Sequential Estimators",
  journal     = "Economics Letters",
  year        =  1984,
  volume      =  14,
  pages       = "201-206"}

@article{Fr07,
  author      = "M Fr{\"o}lich",
  title       = "Nonparametric IV Estimation of Local Average Treatment Effects with Covariates",
  journal     = "Economics Letters",
  year        =  2007,
  volume      =  139,
  pages       = "35-75"}

@incollection{Card95,
	author      = "D Card",
	title	      = "Using Geographic Variation in College Proximity to Estimate the Return to Schooling",
	booktitle   = "Aspects of Labor Market Behaviour: Essays in Honour of John Vanderkamp",
	editor      = "L Christofides and E Grant and R Swidinsky",
	publisher   = "University of Toronto Press",
	address	    = "Toronto",
	year	      =  1995,
	pages       = "201-222"}

@article{ImAn94,
	author      = "G W Imbens and J Angrist",
	title	      = "Identification and Estimation of Local Average Treatment Effects",
	journal     = "Econometrica",
	year        =  1994,
	volume      =  62,
	pages       = "467-475"}

@article{AnIm95,
	author      = "J Angrist and G W Imbens",
	title	      = "Two-Stage Least Squares Estimation of Average Causal Effects in Models with Variable Treatment Intensity",
	journal     = "Journal of American Statistical Association",
	year        =  1995,
	volume      =  90,
	pages       = "431-442"}

@article{FrHu17,
	author 	    = "M Fr{\"o}lich and M Huber",
	title 	    = "Direct and Indirect Treatment Effects â€“ Causal Chains and Mediation Analysis with Instrumental Variables",
	journal     = "Journal of the Royal Statistical Society: Series B",
	year 	      =  2017,
	volume      =  79,
	number      =  5,
	pages 	    = "1645-1666"}

@article{AnImRu96,
	author      = "J Angrist and G Imbens and D Rubin",
	title	      = "Identification of Causal Effects Using Instrumental Variables",
	year        =  1996,
	journal     = "Journal of American Statistical Association",
	volume      =  91,
	pages       = "444-472"}

@article{PoLeWo13,
  author      = "N Powdthavee and W N Lekfuangfu and M Wooden",
  title       = "The Marginal Income Effect of Education on Happiness: Estimating the Direct and Indirect Effects of Compulsory  	Schooling on Well-Being in Australia",
  journal     = "IZA Discussion Paper",
	volume      =  7365,
  year        =  2013}

@article{HaRa08,
  author      = "T Hayfield and J S Racine",
  title       = "Nonparametric Econometrics: The np Package",
	year        =  2008,
  journal     = "Journal of Statistical Software",
	volume      =  27,
	number      =  5}

@article{Ru76b,
	author 	    = "D B Rubin",
  title       = "Inference and Missing Data",
  journal     = "Biometrika",
  volume      =  63,
  pages       = "581-592",
  year        =  1976}

@INPROCEEDINGS{Robins2003,
  author      = "J M Robins",
  title       = "Semantics of Causal DAG Models and the Identification of Direct and Indirect Effects",
  BOOKTITLE   = "In Highly Structured Stochastic Systems",
  year        = "2003",
  editor      = "P J Green and N L Hjort and S Richardson",
  pages       = "70-81",
  address     = "Oxford",
  publisher   = "Oxford University Press"}

@INPROCEEDINGS{Pearl01,
  author      = "J Pearl",
  title       = "Direct and Indirect Effects",
  BOOKTITLE   = "Proceedings of the Seventeenth Conference on Uncertainty in Artificial Intelligence",
  year        = "2001",
  pages       = "411-420",
  address     = "San Francisco",
  publisher   = "Morgan Kaufman"}

@article{ImKeYa10,
	author 	    = "K Imai and L Keele and T Yamamoto",
  title       = "Identification, Inference and Sensitivity Analysis for Causal Mediation Effects",
	year        =  2010,
  journal     = "Statistical Science",
  volume      =  25,
  pages       = "51-71"}

@INPROCEEDINGS{AvinShpitserPearl2005,
  author      = "C Avin and I Shpitser and J Pearl",
  title       = "Identifiability of Path-Specific Effects",
  BOOKTITLE   = "IJCAI-05, Proceedings of the Nineteenth International Joint Conference on Artificial Intelligence",
  year        = "2005",
  pages       = "357-363",
  address     = "Edinburgh, UK"}

@article{Abadie00,
	author 	    = "A Abadie",
	title 	    = "Semiparametric Instrumental Variable Estimation of Treatment Response Models",
	year 	      = "2003",
	journal     = "Journal of Econometrics",
	volume      =  113,
	pages       = "231-263"}

@article{Vy02,
  author      = "E Vytlacil",
  title       = "Independence, Monotonicity, and Latent Index Models: An Equivalence Result",
  journal     = "Econometrica",
  year        = "2002",
  volume      =  70,
  pages       = "331-341"}

@article{ImNe09,
  author      = "G W Imbens and W K Newey",
  title       = "Identification and Estimation of Triangular Simultaneous Equations Models Without Additivity",
  journal     = "Econometrica",
  year        = "2009",
  volume      =  77,
  pages       = "1481-1512"}

@book{Silverman86,
	author 	    = "B Silverman",
	publisher   = "Chapman and Hall",
	address     = "London",
	title       = "Density Estimation for Statistics and Data Analysis",
	year        = "1986"}

@article{HuLeWu13,
  author      = "M Huber and M Lechner and C Wunsch",
  title       = "The Performance of Estimators Based on the Propensity Score",
  journal     = "Journal of Econometrics",
  year        =  2013,
  volume      =  175,
  pages       = "1-21"}
